@online{x1,
  title   = {The Not So Short Introduction to LaTeX2e},
  year    = {2021},
  author  = {Tobias, O and Hubert, P and Irene, H and Elisabeth, S},
  url     = {http://tug.ctan.org/info/lshort/english/lshort.pdf},
  urldate = {2021-06-05},
  langid  = {english}
}

@book{x2,
  title     = {LaTeX2e 及常用宏包使用指南},
  author    = {李平},
  date      = {2004},
  publisher = {{清华大学出版社}},
  location  = {{北京}},
  langid    = {中文;}
}

@book{x3,
  title     = {排版软件LaTeX 简明手册},
  author    = {罗振东 and 葛向阳},
  date      = {2003},
  edition   = {第二版},
  publisher = {{电子工业出版社}},
  location  = {{北京}},
  langid    = {中文;}
}

@book{x4,
  title     = {LaTeX 入门},
  author    = {刘海洋},
  date      = {2013},
  publisher = {{电子工业出版社}},
  location  = {{北京}},
  langid    = {中文;}
}

@online{x5,
  title   = {CTEX宏集手册},
  date    = {2021-03-14},
  author  = {{CTeX-org}},
  url     = {http://mirrors.ctan.org/language/chinese/ctex/ctex.pdf},
  urldate = {2021-06-05},
  langid  = {中文;}
}

@software{x6,
  title   = {CTeX-org/gbt7714-bibtex-style},
  author  = {{CTeX-org}},
  date    = {2021-05-08},
  url     = {https://github.com/CTeX-org/gbt7714-bibtex-style},
  urldate = {2021-06-05}
}

@online{geiNanJingXinXiGongChengDaXueLaTeXBiYeLunWenMoBanV31GengXinWuXuYiLaiCTeXRuanJian2021,
  title   = {{{南京信息工程大学LaTeX毕业论文模板V3}}.1更新 ({{无需依赖CTeX软件}}，修复了复制文字乱码的问题）},
  author  = {{給}},
  date    = {2021-05-14},
  url     = {https://latexstudio.net/index/details/index/mid/1524.html},
  urldate = {2021-06-13},
  langid  = {中文;}
}

@article{陈浩元2015GB,
  title   = {GB/T 7714新标准对旧标准的主要修改及实施要点提示},
  author  = {陈浩元},
  journal = {编辑学报},
  volume  = {27},
  number  = {4},
  pages   = {5},
  year    = {2015}
}